
@misc{moex,
    author = "Met Office",
    title = "Met Office Exascale Programme",
    url  = "https://metoffice.sharepoint.com/sites/metofficeexascaleprogramme",
}

@misc{nc,
    author = "netCDF Community",
    title = "netCDF Standard",
    url  = "https://www.ogc.org/standard/netcdf/",
}

@misc{cf,
    author = "CF Community",
    title = "Climate and Forecasting conventions for netCDF Files.",
    url  = "https://cfconventions.org/Data/cf-conventions/cf-conventions-1.10/cf-conventions.html",
}

@misc{ugrid,
    author = "UGrid Community",
    title = "UGrid Conventions",
    url  = "http://ugrid-conventions.github.io/ugrid-conventions/",
}

@misc{ug3d,
    author = "UGrid Community",
    title = "UGrid Conventions; 3D Topology",
    url  = "http://ugrid-conventions.github.io/ugrid-conventions/#3d-layered-mesh-topology",
}

